{
    "income": {
        "annualReports": [
            {
                "fiscalDateEnding": "2023-12-31",
                "totalRevenue": "61860000000"
            },
            {
                "fiscalDateEnding": "2022-12-31",
                "totalRevenue": "60530000000"
            },
            {
                "fiscalDateEnding": "2021-12-31",
                "totalRevenue": "57350000000"
            },
            {
                "fiscalDateEnding": "2020-12-31",
                "totalRevenue": "55179000000"
            },
            {
                "fiscalDateEnding": "2019-12-31",
                "totalRevenue": "57714000000"
            },
            {
                "fiscalDateEnding": "2018-12-31",
                "totalRevenue": "79591000000"
            },
            {
                "fiscalDateEnding": "2017-12-31",
                "totalRevenue": "79139000000"
            },
            {
                "fiscalDateEnding": "2016-12-31",
                "totalRevenue": "79919000000"
            },
            {
                "fiscalDateEnding": "2015-12-31",
                "totalRevenue": "81741000000"
            },
            {
                "fiscalDateEnding": "2014-12-31",
                "totalRevenue": "92793000000"
            },
            {
                "fiscalDateEnding": "2013-12-31",
                "totalRevenue": "98367000000"
            },
            {
                "fiscalDateEnding": "2012-12-31",
                "totalRevenue": "102874000000"
            },
            {
                "fiscalDateEnding": "2011-12-31",
                "totalRevenue": "106916000000"
            },
            {
                "fiscalDateEnding": "2010-12-31",
                "totalRevenue": "99870000000"
            },
            {
                "fiscalDateEnding": "2009-12-31",
                "totalRevenue": "95758000000"
            }
        ]
    },
    "incomeStatement": [
        {
            "symbol": "KWESW",
            "annualReports": [
                {
                    "fiscalDateEnding": "2023-12-31",
                    "totalRevenue": "2970000"
                },
                {
                    "fiscalDateEnding": "2022-12-31",
                    "totalRevenue": "2780000"
                },
                {
                    "fiscalDateEnding": "2021-12-31",
                    "totalRevenue": "2650000"
                }
            ]
        },
        {
            "symbol": "PRFX",
            "annualReports": [
                {
                    "fiscalDateEnding": "2023-12-31",
                    "totalRevenue": "140000000"
                },
                {
                    "fiscalDateEnding": "2022-12-31",
                    "totalRevenue": "130000000"
                },
                {
                    "fiscalDateEnding": "2021-12-31",
                    "totalRevenue": "125000000"
                }
            ]
        },
        {
            "symbol": "BROGW",
            "annualReports": [
                {
                    "fiscalDateEnding": "2023-12-31",
                    "totalRevenue": "250000"
                },
                {
                    "fiscalDateEnding": "2022-12-31",
                    "totalRevenue": "235000"
                },
                {
                    "fiscalDateEnding": "2021-12-31",
                    "totalRevenue": "220000"
                }
            ]
        },
        {
            "symbol": "CTV+",
            "annualReports": [
                {
                    "fiscalDateEnding": "2023-12-31",
                    "totalRevenue": "5000000"
                },
                {
                    "fiscalDateEnding": "2022-12-31",
                    "totalRevenue": "4750000"
                },
                {
                    "fiscalDateEnding": "2021-12-31",
                    "totalRevenue": "4600000"
                }
            ]
        },
        {
            "symbol": "SOAR",
            "annualReports": [
                {
                    "fiscalDateEnding": "2023-12-31",
                    "totalRevenue": "464000000"
                },
                {
                    "fiscalDateEnding": "2022-12-31",
                    "totalRevenue": "445000000"
                },
                {
                    "fiscalDateEnding": "2021-12-31",
                    "totalRevenue": "430000000"
                }
            ]
        },
        {
            "symbol": "CLSKW",
            "annualReports": [
                {
                    "fiscalDateEnding": "2023-12-31",
                    "totalRevenue": "3800000"
                },
                {
                    "fiscalDateEnding": "2022-12-31",
                    "totalRevenue": "3600000"
                },
                {
                    "fiscalDateEnding": "2021-12-31",
                    "totalRevenue": "3400000"
                }
            ]
        },
        {
            "symbol": "KACLW",
            "annualReports": [
                {
                    "fiscalDateEnding": "2023-12-31",
                    "totalRevenue": "300000"
                },
                {
                    "fiscalDateEnding": "2022-12-31",
                    "totalRevenue": "280000"
                },
                {
                    "fiscalDateEnding": "2021-12-31",
                    "totalRevenue": "260000"
                }
            ]
        },
        {
            "symbol": "ISRLW",
            "annualReports": [
                {
                    "fiscalDateEnding": "2023-12-31",
                    "totalRevenue": "495000"
                },
                {
                    "fiscalDateEnding": "2022-12-31",
                    "totalRevenue": "470000"
                },
                {
                    "fiscalDateEnding": "2021-12-31",
                    "totalRevenue": "450000"
                }
            ]
        },
        {
            "symbol": "HTOOW",
            "annualReports": [
                {
                    "fiscalDateEnding": "2023-12-31",
                    "totalRevenue": "100000"
                },
                {
                    "fiscalDateEnding": "2022-12-31",
                    "totalRevenue": "95000"
                },
                {
                    "fiscalDateEnding": "2021-12-31",
                    "totalRevenue": "90000"
                }
            ]
        },
        {
            "symbol": "PRLHW",
            "annualReports": [
                {
                    "fiscalDateEnding": "2023-12-31",
                    "totalRevenue": "300000"
                },
                {
                    "fiscalDateEnding": "2022-12-31",
                    "totalRevenue": "290000"
                },
                {
                    "fiscalDateEnding": "2021-12-31",
                    "totalRevenue": "280000"
                }
            ]
        },
        {
            "symbol": "SVREW",
            "annualReports": [
                {
                    "fiscalDateEnding": "2023-12-31",
                    "totalRevenue": "176000"
                },
                {
                    "fiscalDateEnding": "2022-12-31",
                    "totalRevenue": "165000"
                },
                {
                    "fiscalDateEnding": "2021-12-31",
                    "totalRevenue": "158000"
                }
            ]
        },
        {
            "symbol": "XBPEW",
            "annualReports": [
                {
                    "fiscalDateEnding": "2023-12-31",
                    "totalRevenue": "400000"
                },
                {
                    "fiscalDateEnding": "2022-12-31",
                    "totalRevenue": "380000"
                },
                {
                    "fiscalDateEnding": "2021-12-31",
                    "totalRevenue": "360000"
                }
            ]
        },
        {
            "symbol": "SLXNW",
            "annualReports": [
                {
                    "fiscalDateEnding": "2023-12-31",
                    "totalRevenue": "495000"
                },
                {
                    "fiscalDateEnding": "2022-12-31",
                    "totalRevenue": "480000"
                },
                {
                    "fiscalDateEnding": "2021-12-31",
                    "totalRevenue": "460000"
                }
            ]
        },
        {
            "symbol": "NCNC",
            "annualReports": [
                {
                    "fiscalDateEnding": "2023-12-31",
                    "totalRevenue": "16200000"
                },
                {
                    "fiscalDateEnding": "2022-12-31",
                    "totalRevenue": "15800000"
                },
                {
                    "fiscalDateEnding": "2021-12-31",
                    "totalRevenue": "15500000"
                }
            ]
        },
        {
            "symbol": "UWMC+",
            "annualReports": [
                {
                    "fiscalDateEnding": "2023-12-31",
                    "totalRevenue": "1900000"
                },
                {
                    "fiscalDateEnding": "2022-12-31",
                    "totalRevenue": "1850000"
                },
                {
                    "fiscalDateEnding": "2021-12-31",
                    "totalRevenue": "1800000"
                }
            ]
        },
        {
            "symbol": "ZEOWW",
            "annualReports": [
                {
                    "fiscalDateEnding": "2023-12-31",
                    "totalRevenue": "500000"
                },
                {
                    "fiscalDateEnding": "2022-12-31",
                    "totalRevenue": "480000"
                },
                {
                    "fiscalDateEnding": "2021-12-31",
                    "totalRevenue": "470000"
                }
            ]
        },
        {
            "symbol": "SMCX",
            "annualReports": [
                {
                    "fiscalDateEnding": "2023-12-31",
                    "totalRevenue": "414000000"
                },
                {
                    "fiscalDateEnding": "2022-12-31",
                    "totalRevenue": "400000000"
                },
                {
                    "fiscalDateEnding": "2021-12-31",
                    "totalRevenue": "390000000"
                }
            ]
        },
        {
            "symbol": "NXTT",
            "annualReports": [
                {
                    "fiscalDateEnding": "2023-12-31",
                    "totalRevenue": "27500000"
                },
                {
                    "fiscalDateEnding": "2022-12-31",
                    "totalRevenue": "26800000"
                },
                {
                    "fiscalDateEnding": "2021-12-31",
                    "totalRevenue": "26000000"
                }
            ]
        },
        {
            "symbol": "TRNR",
            "annualReports": [
                {
                    "fiscalDateEnding": "2023-12-31",
                    "totalRevenue": "39400000"
                },
                {
                    "fiscalDateEnding": "2022-12-31",
                    "totalRevenue": "38000000"
                },
                {
                    "fiscalDateEnding": "2021-12-31",
                    "totalRevenue": "37000000"
                }
            ]
        },
        {
            "symbol": "SMXWW",
            "annualReports": [
                {
                    "fiscalDateEnding": "2023-12-31",
                    "totalRevenue": "150000"
                },
                {
                    "fiscalDateEnding": "2022-12-31",
                    "totalRevenue": "145000"
                },
                {
                    "fiscalDateEnding": "2021-12-31",
                    "totalRevenue": "140000"
                }
            ]
        },
        {
            "symbol": "LEV+A",
            "annualReports": [
                {
                    "fiscalDateEnding": "2023-12-31",
                    "totalRevenue": "139000"
                },
                {
                    "fiscalDateEnding": "2022-12-31",
                    "totalRevenue": "150000"
                },
                {
                    "fiscalDateEnding": "2021-12-31",
                    "totalRevenue": "160000"
                }
            ]
        },
        {
            "symbol": "NIOBW",
            "annualReports": [
                {
                    "fiscalDateEnding": "2023-12-31",
                    "totalRevenue": "810000"
                },
                {
                    "fiscalDateEnding": "2022-12-31",
                    "totalRevenue": "900000"
                },
                {
                    "fiscalDateEnding": "2021-12-31",
                    "totalRevenue": "950000"
                }
            ]
        },
        {
            "symbol": "HAIAW",
            "annualReports": [
                {
                    "fiscalDateEnding": "2023-12-31",
                    "totalRevenue": "129000"
                },
                {
                    "fiscalDateEnding": "2022-12-31",
                    "totalRevenue": "140000"
                },
                {
                    "fiscalDateEnding": "2021-12-31",
                    "totalRevenue": "150000"
                }
            ]
        },
        {
            "symbol": "FLYX+",
            "annualReports": [
                {
                    "fiscalDateEnding": "2023-12-31",
                    "totalRevenue": "1020000"
                },
                {
                    "fiscalDateEnding": "2022-12-31",
                    "totalRevenue": "1050000"
                },
                {
                    "fiscalDateEnding": "2021-12-31",
                    "totalRevenue": "1100000"
                }
            ]
        },
        {
            "symbol": "PETWW",
            "annualReports": [
                {
                    "fiscalDateEnding": "2023-12-31",
                    "totalRevenue": "110000"
                },
                {
                    "fiscalDateEnding": "2022-12-31",
                    "totalRevenue": "120000"
                },
                {
                    "fiscalDateEnding": "2021-12-31",
                    "totalRevenue": "130000"
                }
            ]
        },
        {
            "symbol": "GHIXW",
            "annualReports": [
                {
                    "fiscalDateEnding": "2023-12-31",
                    "totalRevenue": "220000"
                },
                {
                    "fiscalDateEnding": "2022-12-31",
                    "totalRevenue": "230000"
                },
                {
                    "fiscalDateEnding": "2021-12-31",
                    "totalRevenue": "240000"
                }
            ]
        },
        {
            "symbol": "INAQW",
            "annualReports": [
                {
                    "fiscalDateEnding": "2023-12-31",
                    "totalRevenue": "400000"
                },
                {
                    "fiscalDateEnding": "2022-12-31",
                    "totalRevenue": "410000"
                },
                {
                    "fiscalDateEnding": "2021-12-31",
                    "totalRevenue": "420000"
                }
            ]
        },
        {
            "symbol": "NIVFW",
            "annualReports": [
                {
                    "fiscalDateEnding": "2023-12-31",
                    "totalRevenue": "202000"
                },
                {
                    "fiscalDateEnding": "2022-12-31",
                    "totalRevenue": "210000"
                },
                {
                    "fiscalDateEnding": "2021-12-31",
                    "totalRevenue": "220000"
                }
            ]
        },
        {
            "symbol": "BFRIW",
            "annualReports": [
                {
                    "fiscalDateEnding": "2023-12-31",
                    "totalRevenue": "455000"
                },
                {
                    "fiscalDateEnding": "2022-12-31",
                    "totalRevenue": "460000"
                },
                {
                    "fiscalDateEnding": "2021-12-31",
                    "totalRevenue": "470000"
                }
            ]
        },
        {
            "symbol": "GLSTR",
            "annualReports": [
                {
                    "fiscalDateEnding": "2023-12-31",
                    "totalRevenue": "1000000"
                },
                {
                    "fiscalDateEnding": "2022-12-31",
                    "totalRevenue": "1020000"
                },
                {
                    "fiscalDateEnding": "2021-12-31",
                    "totalRevenue": "1050000"
                }
            ]
        },
        {
            "symbol": "ESGLW",
            "annualReports": [
                {
                    "fiscalDateEnding": "2023-12-31",
                    "totalRevenue": "110000"
                },
                {
                    "fiscalDateEnding": "2022-12-31",
                    "totalRevenue": "115000"
                },
                {
                    "fiscalDateEnding": "2021-12-31",
                    "totalRevenue": "120000"
                }
            ]
        },
        {
            "symbol": "DATSW",
            "annualReports": [
                {
                    "fiscalDateEnding": "2023-12-31",
                    "totalRevenue": "410000"
                },
                {
                    "fiscalDateEnding": "2022-12-31",
                    "totalRevenue": "420000"
                },
                {
                    "fiscalDateEnding": "2021-12-31",
                    "totalRevenue": "430000"
                }
            ]
        },
        {
            "symbol": "AQUNR",
            "annualReports": [
                {
                    "fiscalDateEnding": "2023-12-31",
                    "totalRevenue": "1002000"
                },
                {
                    "fiscalDateEnding": "2022-12-31",
                    "totalRevenue": "1010000"
                },
                {
                    "fiscalDateEnding": "2021-12-31",
                    "totalRevenue": "1020000"
                }
            ]
        },
        {
            "symbol": "MSAIW",
            "annualReports": [
                {
                    "fiscalDateEnding": "2023-12-31",
                    "totalRevenue": "204000"
                },
                {
                    "fiscalDateEnding": "2022-12-31",
                    "totalRevenue": "210000"
                },
                {
                    "fiscalDateEnding": "2021-12-31",
                    "totalRevenue": "220000"
                }
            ]
        },
        {
            "symbol": "ZOOZW",
            "annualReports": [
                {
                    "fiscalDateEnding": "2023-12-31",
                    "totalRevenue": "400000"
                },
                {
                    "fiscalDateEnding": "2022-12-31",
                    "totalRevenue": "410000"
                },
                {
                    "fiscalDateEnding": "2021-12-31",
                    "totalRevenue": "420000"
                }
            ]
        },
        {
            "symbol": "SLN",
            "annualReports": [
                {
                    "fiscalDateEnding": "2023-12-31",
                    "totalRevenue": "6970000"
                },
                {
                    "fiscalDateEnding": "2022-12-31",
                    "totalRevenue": "7200000"
                },
                {
                    "fiscalDateEnding": "2021-12-31",
                    "totalRevenue": "7400000"
                }
            ]
        },
        {
            "symbol": "AMPGW",
            "annualReports": [
                {
                    "fiscalDateEnding": "2023-12-31",
                    "totalRevenue": "200000"
                },
                {
                    "fiscalDateEnding": "2022-12-31",
                    "totalRevenue": "210000"
                },
                {
                    "fiscalDateEnding": "2021-12-31",
                    "totalRevenue": "220000"
                }
            ]
        },
        {
            "symbol": "DHAIW",
            "annualReports": [
                {
                    "fiscalDateEnding": "2023-12-31",
                    "totalRevenue": "255000"
                },
                {
                    "fiscalDateEnding": "2022-12-31",
                    "totalRevenue": "260000"
                },
                {
                    "fiscalDateEnding": "2021-12-31",
                    "totalRevenue": "270000"
                }
            ]
        },
        {
            "symbol": "JFBRW",
            "annualReports": [
                {
                    "fiscalDateEnding": "2023-12-31",
                    "totalRevenue": "198000"
                },
                {
                    "fiscalDateEnding": "2022-12-31",
                    "totalRevenue": "205000"
                },
                {
                    "fiscalDateEnding": "2021-12-31",
                    "totalRevenue": "210000"
                }
            ]
        },
        {
            "symbol": "KDLYW",
            "annualReports": [
                {
                    "fiscalDateEnding": "2023-12-31",
                    "totalRevenue": "1000000"
                },
                {
                    "fiscalDateEnding": "2022-12-31",
                    "totalRevenue": "1050000"
                },
                {
                    "fiscalDateEnding": "2021-12-31",
                    "totalRevenue": "1100000"
                }
            ]
        }
    ]
}